<?xml version="1.0" encoding="UTF-8"?><collection xmlns="http://www.loc.gov/MARC21/slim"><record><leader>00441nam--2200145-i-4500</leader><controlfield tag="001">000008163</controlfield><controlfield tag="002">20161230</controlfield><controlfield tag="005">20170302171427</controlfield><controlfield tag="008">060222s1000------------r-----000-0-eng-d</controlfield><datafield ind1=" " ind2=" " tag="245"><subfield code="a">Delaware seminar in the foundations of physics</subfield></datafield><datafield ind1=" " ind2=" " tag="260"><subfield code="a">Berlin</subfield><subfield code="b">Springer-Verlag</subfield><subfield code="c">1967</subfield></datafield><datafield ind1=" " ind2=" " tag="300"><subfield code="a">X + 193 p. + 5 Fig</subfield></datafield><datafield ind1=" " ind2=" " tag="490"><subfield code="a">Studies In The Foundations Methodology And Philosophy Of Science</subfield></datafield><datafield ind1=" " ind2=" " tag="700"><subfield code="a">Bunge, Mario</subfield></datafield><datafield ind1=" " ind2=" " tag="CAT"><subfield code="a">SYS</subfield><subfield code="c">20170302</subfield><subfield code="h">171427</subfield></datafield></record></collection>